%YAML 1.1
%TAG !u! tag:unity3d.com,2011:
--- !u!1 &3133415837371869102
GameObject:
  m_ObjectHideFlags: 0
  m_CorrespondingSourceObject: {fileID: 0}
  m_PrefabInstance: {fileID: 0}
  m_PrefabAsset: {fileID: 0}
  serializedVersion: 6
  m_Component:
  - component: {fileID: 3133415837371869074}
  - component: {fileID: 3133415837371869073}
  - component: {fileID: 3133415837371869072}
  - component: {fileID: 3133415837371869103}
  - component: {fileID: 3133415837371869075}
  - component: {fileID: -5929553160848154804}
  - component: {fileID: -4694470273865997749}
  - component: {fileID: -5439830585247332104}
  m_Layer: 0
  m_Name: Enemigo Disparo Luz
  m_TagString: Enemigo
  m_Icon: {fileID: 0}
  m_NavMeshLayer: 0
  m_StaticEditorFlags: 0
  m_IsActive: 1
--- !u!4 &3133415837371869074
Transform:
  m_ObjectHideFlags: 0
  m_CorrespondingSourceObject: {fileID: 0}
  m_PrefabInstance: {fileID: 0}
  m_PrefabAsset: {fileID: 0}
  m_GameObject: {fileID: 3133415837371869102}
  m_LocalRotation: {x: 0, y: 0.7071068, z: 0, w: 0.7071068}
  m_LocalPosition: {x: 3.03, y: 5.28, z: 170.63}
  m_LocalScale: {x: 4.1996, y: 4.1996, z: 4.1996}
  m_ConstrainProportionsScale: 0
  m_Children:
  - {fileID: 8653945154496237425}
  m_Father: {fileID: 0}
  m_RootOrder: 0
  m_LocalEulerAnglesHint: {x: 0, y: 90, z: 0}
--- !u!33 &3133415837371869073
MeshFilter:
  m_ObjectHideFlags: 0
  m_CorrespondingSourceObject: {fileID: 0}
  m_PrefabInstance: {fileID: 0}
  m_PrefabAsset: {fileID: 0}
  m_GameObject: {fileID: 3133415837371869102}
  m_Mesh: {fileID: 10202, guid: 0000000000000000e000000000000000, type: 0}
--- !u!23 &3133415837371869072
MeshRenderer:
  m_ObjectHideFlags: 0
  m_CorrespondingSourceObject: {fileID: 0}
  m_PrefabInstance: {fileID: 0}
  m_PrefabAsset: {fileID: 0}
  m_GameObject: {fileID: 3133415837371869102}
  m_Enabled: 1
  m_CastShadows: 1
  m_ReceiveShadows: 1
  m_DynamicOccludee: 1
  m_StaticShadowCaster: 0
  m_MotionVectors: 1
  m_LightProbeUsage: 1
  m_ReflectionProbeUsage: 1
  m_RayTracingMode: 2
  m_RayTraceProcedural: 0
  m_RenderingLayerMask: 1
  m_RendererPriority: 0
  m_Materials:
  - {fileID: 2100000, guid: 246e334d7e8895347ac8129c7cb06f1f, type: 2}
  m_StaticBatchInfo:
    firstSubMesh: 0
    subMeshCount: 0
  m_StaticBatchRoot: {fileID: 0}
  m_ProbeAnchor: {fileID: 0}
  m_LightProbeVolumeOverride: {fileID: 0}
  m_ScaleInLightmap: 1
  m_ReceiveGI: 1
  m_PreserveUVs: 0
  m_IgnoreNormalsForChartDetection: 0
  m_ImportantGI: 0
  m_StitchLightmapSeams: 1
  m_SelectedEditorRenderState: 3
  m_MinimumChartSize: 4
  m_AutoUVMaxDistance: 0.5
  m_AutoUVMaxAngle: 89
  m_LightmapParameters: {fileID: 0}
  m_SortingLayerID: 0
  m_SortingLayer: 0
  m_SortingOrder: 0
  m_AdditionalVertexStreams: {fileID: 0}
--- !u!65 &3133415837371869103
BoxCollider:
  m_ObjectHideFlags: 0
  m_CorrespondingSourceObject: {fileID: 0}
  m_PrefabInstance: {fileID: 0}
  m_PrefabAsset: {fileID: 0}
  m_GameObject: {fileID: 3133415837371869102}
  m_Material: {fileID: 0}
  m_IsTrigger: 0
  m_Enabled: 1
  serializedVersion: 2
  m_Size: {x: 1, y: 1, z: 1}
  m_Center: {x: 0, y: 0, z: 0}
--- !u!54 &3133415837371869075
Rigidbody:
  m_ObjectHideFlags: 0
  m_CorrespondingSourceObject: {fileID: 0}
  m_PrefabInstance: {fileID: 0}
  m_PrefabAsset: {fileID: 0}
  m_GameObject: {fileID: 3133415837371869102}
  serializedVersion: 2
  m_Mass: 1
  m_Drag: 0
  m_AngularDrag: 0.05
  m_UseGravity: 1
  m_IsKinematic: 0
  m_Interpolate: 0
  m_Constraints: 112
  m_CollisionDetection: 0
--- !u!114 &-5929553160848154804
MonoBehaviour:
  m_ObjectHideFlags: 0
  m_CorrespondingSourceObject: {fileID: 0}
  m_PrefabInstance: {fileID: 0}
  m_PrefabAsset: {fileID: 0}
  m_GameObject: {fileID: 3133415837371869102}
  m_Enabled: 1
  m_EditorHideFlags: 0
  m_Script: {fileID: 11500000, guid: ff84bee37154dba4c91a962c9a87933b, type: 3}
  m_Name: 
  m_EditorClassIdentifier: 
  velMov: 15
  velRot: 20
  tiempoSalida: 1.1
  "da\xF1o": 10
  vida: 3
  "intervaloDa\xF1o": 0.05
  canvaVidaPrefab: {fileID: 4062923619634018149, guid: bd0b8bd2274e79b4f9a1162f6931f96a,
    type: 3}
  offsetY: 5
  moneda: {fileID: 8107203179736137097, guid: 27d1b51c9481445408cbde95271010a1, type: 3}
--- !u!114 &-4694470273865997749
MonoBehaviour:
  m_ObjectHideFlags: 0
  m_CorrespondingSourceObject: {fileID: 0}
  m_PrefabInstance: {fileID: 0}
  m_PrefabAsset: {fileID: 0}
  m_GameObject: {fileID: 3133415837371869102}
  m_Enabled: 1
  m_EditorHideFlags: 0
  m_Script: {fileID: 11500000, guid: 945b83ad0c38d9d4d9ffb59fcdfa7ac5, type: 3}
  m_Name: 
  m_EditorClassIdentifier: 
  tiempoSalida: 1.1
--- !u!114 &-5439830585247332104
MonoBehaviour:
  m_ObjectHideFlags: 0
  m_CorrespondingSourceObject: {fileID: 0}
  m_PrefabInstance: {fileID: 0}
  m_PrefabAsset: {fileID: 0}
  m_GameObject: {fileID: 3133415837371869102}
  m_Enabled: 0
  m_EditorHideFlags: 0
  m_Script: {fileID: 11500000, guid: e5a1a23fcb8d6784e8478dd4462b9ce9, type: 3}
  m_Name: 
  m_EditorClassIdentifier: 
  arma: {fileID: 11400000, guid: d18db65f61e0f2c4f831d88e61df55c3, type: 2}
  explosion: {fileID: 0}
--- !u!1001 &759044603358614251
PrefabInstance:
  m_ObjectHideFlags: 0
  serializedVersion: 2
  m_Modification:
    m_TransformParent: {fileID: 3133415837371869074}
    m_Modifications:
    - target: {fileID: -8087762602747106197, guid: 8ef3357a4baa78547b299df55f8c5557,
        type: 3}
      propertyPath: m_Enabled
      value: 0
      objectReference: {fileID: 0}
    - target: {fileID: -7030025406357663471, guid: 8ef3357a4baa78547b299df55f8c5557,
        type: 3}
      propertyPath: m_UseGravity
      value: 0
      objectReference: {fileID: 0}
    - target: {fileID: -7030025406357663471, guid: 8ef3357a4baa78547b299df55f8c5557,
        type: 3}
      propertyPath: m_Constraints
      value: 126
      objectReference: {fileID: 0}
    - target: {fileID: -7030025406357663471, guid: 8ef3357a4baa78547b299df55f8c5557,
        type: 3}
      propertyPath: m_IsKinematic
      value: 1
      objectReference: {fileID: 0}
    - target: {fileID: -4933448584734039595, guid: 8ef3357a4baa78547b299df55f8c5557,
        type: 3}
      propertyPath: m_Enabled
      value: 0
      objectReference: {fileID: 0}
    - target: {fileID: 61796102491741193, guid: 8ef3357a4baa78547b299df55f8c5557,
        type: 3}
      propertyPath: m_Layer
      value: 7
      objectReference: {fileID: 0}
    - target: {fileID: 132422973960731540, guid: 8ef3357a4baa78547b299df55f8c5557,
        type: 3}
      propertyPath: m_Layer
      value: 7
      objectReference: {fileID: 0}
    - target: {fileID: 576465965637360098, guid: 8ef3357a4baa78547b299df55f8c5557,
        type: 3}
      propertyPath: m_Layer
      value: 7
      objectReference: {fileID: 0}
    - target: {fileID: 909072398475188501, guid: 8ef3357a4baa78547b299df55f8c5557,
        type: 3}
      propertyPath: m_Layer
      value: 7
      objectReference: {fileID: 0}
    - target: {fileID: 994341916554443361, guid: 8ef3357a4baa78547b299df55f8c5557,
        type: 3}
      propertyPath: m_Layer
      value: 7
      objectReference: {fileID: 0}
    - target: {fileID: 2078034222240765582, guid: 8ef3357a4baa78547b299df55f8c5557,
        type: 3}
      propertyPath: m_Layer
      value: 7
      objectReference: {fileID: 0}
    - target: {fileID: 4453452731174700500, guid: 8ef3357a4baa78547b299df55f8c5557,
        type: 3}
      propertyPath: m_Enabled
      value: 0
      objectReference: {fileID: 0}
    - target: {fileID: 5715694730112338010, guid: 8ef3357a4baa78547b299df55f8c5557,
        type: 3}
      propertyPath: m_Enabled
      value: 0
      objectReference: {fileID: 0}
    - target: {fileID: 6984422403313723923, guid: 8ef3357a4baa78547b299df55f8c5557,
        type: 3}
      propertyPath: m_Layer
      value: 7
      objectReference: {fileID: 0}
    - target: {fileID: 7610720700400335519, guid: 8ef3357a4baa78547b299df55f8c5557,
        type: 3}
      propertyPath: m_Layer
      value: 7
      objectReference: {fileID: 0}
    - target: {fileID: 7929836461297613284, guid: 8ef3357a4baa78547b299df55f8c5557,
        type: 3}
      propertyPath: m_Layer
      value: 7
      objectReference: {fileID: 0}
    - target: {fileID: 8255193018444291482, guid: 8ef3357a4baa78547b299df55f8c5557,
        type: 3}
      propertyPath: m_RootOrder
      value: 0
      objectReference: {fileID: 0}
    - target: {fileID: 8255193018444291482, guid: 8ef3357a4baa78547b299df55f8c5557,
        type: 3}
      propertyPath: m_LocalScale.x
      value: 0.16445373
      objectReference: {fileID: 0}
    - target: {fileID: 8255193018444291482, guid: 8ef3357a4baa78547b299df55f8c5557,
        type: 3}
      propertyPath: m_LocalScale.y
      value: 0.16445373
      objectReference: {fileID: 0}
    - target: {fileID: 8255193018444291482, guid: 8ef3357a4baa78547b299df55f8c5557,
        type: 3}
      propertyPath: m_LocalScale.z
      value: 0.16445373
      objectReference: {fileID: 0}
    - target: {fileID: 8255193018444291482, guid: 8ef3357a4baa78547b299df55f8c5557,
        type: 3}
      propertyPath: m_LocalPosition.x
      value: -0.38308045
      objectReference: {fileID: 0}
    - target: {fileID: 8255193018444291482, guid: 8ef3357a4baa78547b299df55f8c5557,
        type: 3}
      propertyPath: m_LocalPosition.y
      value: -0.05317104
      objectReference: {fileID: 0}
    - target: {fileID: 8255193018444291482, guid: 8ef3357a4baa78547b299df55f8c5557,
        type: 3}
      propertyPath: m_LocalPosition.z
      value: 0.86998266
      objectReference: {fileID: 0}
    - target: {fileID: 8255193018444291482, guid: 8ef3357a4baa78547b299df55f8c5557,
        type: 3}
      propertyPath: m_LocalRotation.w
      value: 0.9997478
      objectReference: {fileID: 0}
    - target: {fileID: 8255193018444291482, guid: 8ef3357a4baa78547b299df55f8c5557,
        type: 3}
      propertyPath: m_LocalRotation.x
      value: -0
      objectReference: {fileID: 0}
    - target: {fileID: 8255193018444291482, guid: 8ef3357a4baa78547b299df55f8c5557,
        type: 3}
      propertyPath: m_LocalRotation.y
      value: 0.022458702
      objectReference: {fileID: 0}
    - target: {fileID: 8255193018444291482, guid: 8ef3357a4baa78547b299df55f8c5557,
        type: 3}
      propertyPath: m_LocalRotation.z
      value: -0
      objectReference: {fileID: 0}
    - target: {fileID: 8255193018444291482, guid: 8ef3357a4baa78547b299df55f8c5557,
        type: 3}
      propertyPath: m_LocalEulerAnglesHint.x
      value: 0
      objectReference: {fileID: 0}
    - target: {fileID: 8255193018444291482, guid: 8ef3357a4baa78547b299df55f8c5557,
        type: 3}
      propertyPath: m_LocalEulerAnglesHint.y
      value: 2.574
      objectReference: {fileID: 0}
    - target: {fileID: 8255193018444291482, guid: 8ef3357a4baa78547b299df55f8c5557,
        type: 3}
      propertyPath: m_LocalEulerAnglesHint.z
      value: 0
      objectReference: {fileID: 0}
    - target: {fileID: 8438319852169631319, guid: 8ef3357a4baa78547b299df55f8c5557,
        type: 3}
      propertyPath: arma
      value: 
      objectReference: {fileID: 11400000, guid: d18db65f61e0f2c4f831d88e61df55c3,
        type: 2}
    - target: {fileID: 8438319853292558235, guid: 8ef3357a4baa78547b299df55f8c5557,
        type: 3}
      propertyPath: m_Layer
      value: 7
      objectReference: {fileID: 0}
    - target: {fileID: 8780760209650370336, guid: 8ef3357a4baa78547b299df55f8c5557,
        type: 3}
      propertyPath: m_Name
      value: Arma
      objectReference: {fileID: 0}
    - target: {fileID: 8780760209650370336, guid: 8ef3357a4baa78547b299df55f8c5557,
        type: 3}
      propertyPath: m_Layer
      value: 7
      objectReference: {fileID: 0}
    - target: {fileID: 8780760209650370336, guid: 8ef3357a4baa78547b299df55f8c5557,
        type: 3}
      propertyPath: m_TagString
      value: Untagged
      objectReference: {fileID: 0}
    m_RemovedComponents: []
  m_SourcePrefab: {fileID: 100100000, guid: 8ef3357a4baa78547b299df55f8c5557, type: 3}
--- !u!4 &8653945154496237425 stripped
Transform:
  m_CorrespondingSourceObject: {fileID: 8255193018444291482, guid: 8ef3357a4baa78547b299df55f8c5557,
    type: 3}
  m_PrefabInstance: {fileID: 759044603358614251}
  m_PrefabAsset: {fileID: 0}
