%YAML 1.1
%TAG !u! tag:unity3d.com,2011:
--- !u!1 &1119326829702446180
GameObject:
  m_ObjectHideFlags: 0
  m_CorrespondingSourceObject: {fileID: 0}
  m_PrefabInstance: {fileID: 0}
  m_PrefabAsset: {fileID: 0}
  serializedVersion: 6
  m_Component:
  - component: {fileID: 1119326829702446181}
  - component: {fileID: 5817785044979165901}
  - component: {fileID: 5047176221720055029}
  m_Layer: 10
  m_Name: Puerta
  m_TagString: Untagged
  m_Icon: {fileID: 0}
  m_NavMeshLayer: 0
  m_StaticEditorFlags: 0
  m_IsActive: 1
--- !u!4 &1119326829702446181
Transform:
  m_ObjectHideFlags: 0
  m_CorrespondingSourceObject: {fileID: 0}
  m_PrefabInstance: {fileID: 0}
  m_PrefabAsset: {fileID: 0}
  m_GameObject: {fileID: 1119326829702446180}
  m_LocalRotation: {x: 0, y: 0, z: 0, w: 1}
  m_LocalPosition: {x: 0, y: 0, z: 0}
  m_LocalScale: {x: 1, y: 1, z: 1}
  m_ConstrainProportionsScale: 0
  m_Children:
  - {fileID: 746861405985026271}
  - {fileID: 1119326829906828114}
  - {fileID: 8275164685924888769}
  m_Father: {fileID: 0}
  m_RootOrder: 0
  m_LocalEulerAnglesHint: {x: 0, y: 0, z: 0}
--- !u!114 &5817785044979165901
MonoBehaviour:
  m_ObjectHideFlags: 0
  m_CorrespondingSourceObject: {fileID: 0}
  m_PrefabInstance: {fileID: 0}
  m_PrefabAsset: {fileID: 0}
  m_GameObject: {fileID: 1119326829702446180}
  m_Enabled: 1
  m_EditorHideFlags: 0
  m_Script: {fileID: 11500000, guid: e9a2c8bdeae94c143afd4f2099230423, type: 3}
  m_Name: 
  m_EditorClassIdentifier: 
  tiempoParaSpawnear: 1.5
  habitacionSiguiente: {fileID: 0}
  colorTitilar: {r: 1, g: 1, b: 1, a: 1}
--- !u!114 &5047176221720055029
MonoBehaviour:
  m_ObjectHideFlags: 0
  m_CorrespondingSourceObject: {fileID: 0}
  m_PrefabInstance: {fileID: 0}
  m_PrefabAsset: {fileID: 0}
  m_GameObject: {fileID: 1119326829702446180}
  m_Enabled: 1
  m_EditorHideFlags: 0
  m_Script: {fileID: 11500000, guid: a565e285c50ad9644a26c9689833e066, type: 3}
  m_Name: 
  m_EditorClassIdentifier: 
  tiempoDesvanecer: 1
  termino: 0
--- !u!1 &1119326829906828118
GameObject:
  m_ObjectHideFlags: 0
  m_CorrespondingSourceObject: {fileID: 0}
  m_PrefabInstance: {fileID: 0}
  m_PrefabAsset: {fileID: 0}
  serializedVersion: 6
  m_Component:
  - component: {fileID: 1119326829906828114}
  - component: {fileID: 1119326829906828117}
  - component: {fileID: 1119326829906828116}
  - component: {fileID: 1119326829906828119}
  m_Layer: 10
  m_Name: Puerta Cerrada
  m_TagString: PuertaCerrada
  m_Icon: {fileID: 0}
  m_NavMeshLayer: 0
  m_StaticEditorFlags: 0
  m_IsActive: 1
--- !u!4 &1119326829906828114
Transform:
  m_ObjectHideFlags: 0
  m_CorrespondingSourceObject: {fileID: 0}
  m_PrefabInstance: {fileID: 0}
  m_PrefabAsset: {fileID: 0}
  m_GameObject: {fileID: 1119326829906828118}
  m_LocalRotation: {x: -0, y: -0, z: -0, w: 1}
  m_LocalPosition: {x: -259.1271, y: -158.9278, z: -64.82}
  m_LocalScale: {x: 12.039791, y: 22.373964, z: 0.13629}
  m_ConstrainProportionsScale: 0
  m_Children: []
  m_Father: {fileID: 1119326829702446181}
  m_RootOrder: 1
  m_LocalEulerAnglesHint: {x: 0, y: 0, z: 0}
--- !u!33 &1119326829906828117
MeshFilter:
  m_ObjectHideFlags: 0
  m_CorrespondingSourceObject: {fileID: 0}
  m_PrefabInstance: {fileID: 0}
  m_PrefabAsset: {fileID: 0}
  m_GameObject: {fileID: 1119326829906828118}
  m_Mesh: {fileID: 10202, guid: 0000000000000000e000000000000000, type: 0}
--- !u!23 &1119326829906828116
MeshRenderer:
  m_ObjectHideFlags: 0
  m_CorrespondingSourceObject: {fileID: 0}
  m_PrefabInstance: {fileID: 0}
  m_PrefabAsset: {fileID: 0}
  m_GameObject: {fileID: 1119326829906828118}
  m_Enabled: 1
  m_CastShadows: 1
  m_ReceiveShadows: 1
  m_DynamicOccludee: 1
  m_StaticShadowCaster: 0
  m_MotionVectors: 1
  m_LightProbeUsage: 1
  m_ReflectionProbeUsage: 1
  m_RayTracingMode: 2
  m_RayTraceProcedural: 0
  m_RenderingLayerMask: 1
  m_RendererPriority: 0
  m_Materials:
  - {fileID: 2100000, guid: b133413a4fce6ba4894fb6e3058ea3d2, type: 2}
  m_StaticBatchInfo:
    firstSubMesh: 0
    subMeshCount: 0
  m_StaticBatchRoot: {fileID: 0}
  m_ProbeAnchor: {fileID: 0}
  m_LightProbeVolumeOverride: {fileID: 0}
  m_ScaleInLightmap: 1
  m_ReceiveGI: 1
  m_PreserveUVs: 0
  m_IgnoreNormalsForChartDetection: 0
  m_ImportantGI: 0
  m_StitchLightmapSeams: 1
  m_SelectedEditorRenderState: 3
  m_MinimumChartSize: 4
  m_AutoUVMaxDistance: 0.5
  m_AutoUVMaxAngle: 89
  m_LightmapParameters: {fileID: 0}
  m_SortingLayerID: 0
  m_SortingLayer: 0
  m_SortingOrder: 0
  m_AdditionalVertexStreams: {fileID: 0}
--- !u!65 &1119326829906828119
BoxCollider:
  m_ObjectHideFlags: 0
  m_CorrespondingSourceObject: {fileID: 0}
  m_PrefabInstance: {fileID: 0}
  m_PrefabAsset: {fileID: 0}
  m_GameObject: {fileID: 1119326829906828118}
  m_Material: {fileID: 0}
  m_IsTrigger: 0
  m_Enabled: 1
  serializedVersion: 2
  m_Size: {x: 1, y: 1, z: 1}
  m_Center: {x: 0, y: 0, z: 0}
--- !u!1 &5469770093563318488
GameObject:
  m_ObjectHideFlags: 0
  m_CorrespondingSourceObject: {fileID: 0}
  m_PrefabInstance: {fileID: 0}
  m_PrefabAsset: {fileID: 0}
  serializedVersion: 6
  m_Component:
  - component: {fileID: 8275164685924888769}
  - component: {fileID: 605003429678860952}
  m_Layer: 12
  m_Name: Collider
  m_TagString: SiguienteHabitacion
  m_Icon: {fileID: 0}
  m_NavMeshLayer: 0
  m_StaticEditorFlags: 0
  m_IsActive: 1
--- !u!4 &8275164685924888769
Transform:
  m_ObjectHideFlags: 0
  m_CorrespondingSourceObject: {fileID: 0}
  m_PrefabInstance: {fileID: 0}
  m_PrefabAsset: {fileID: 0}
  m_GameObject: {fileID: 5469770093563318488}
  m_LocalRotation: {x: -0, y: -0, z: -0, w: 1}
  m_LocalPosition: {x: -259, y: -158, z: -57}
  m_LocalScale: {x: 10.6, y: 23.47, z: 1}
  m_ConstrainProportionsScale: 0
  m_Children: []
  m_Father: {fileID: 1119326829702446181}
  m_RootOrder: 2
  m_LocalEulerAnglesHint: {x: 0, y: 0, z: 0}
--- !u!65 &605003429678860952
BoxCollider:
  m_ObjectHideFlags: 0
  m_CorrespondingSourceObject: {fileID: 0}
  m_PrefabInstance: {fileID: 0}
  m_PrefabAsset: {fileID: 0}
  m_GameObject: {fileID: 5469770093563318488}
  m_Material: {fileID: 0}
  m_IsTrigger: 1
  m_Enabled: 1
  serializedVersion: 2
  m_Size: {x: 1, y: 0.8533735, z: 1}
  m_Center: {x: 0, y: -0.073314115, z: 0}
--- !u!1001 &1119326830514967454
PrefabInstance:
  m_ObjectHideFlags: 0
  serializedVersion: 2
  m_Modification:
    m_TransformParent: {fileID: 1119326829702446181}
    m_Modifications:
    - target: {fileID: 420461696948577085, guid: 0bda742c4a73d864dacfc871a0cc5ba2,
        type: 3}
      propertyPath: m_Mesh
      value: 
      objectReference: {fileID: 0}
    - target: {fileID: 420461696948577086, guid: 0bda742c4a73d864dacfc871a0cc5ba2,
        type: 3}
      propertyPath: m_Mesh
      value: 
      objectReference: {fileID: 0}
    - target: {fileID: 420461696948577087, guid: 0bda742c4a73d864dacfc871a0cc5ba2,
        type: 3}
      propertyPath: m_Name
      value: Marco
      objectReference: {fileID: 0}
    - target: {fileID: 420461696948577087, guid: 0bda742c4a73d864dacfc871a0cc5ba2,
        type: 3}
      propertyPath: m_Layer
      value: 10
      objectReference: {fileID: 0}
    - target: {fileID: 420461696948577089, guid: 0bda742c4a73d864dacfc871a0cc5ba2,
        type: 3}
      propertyPath: m_RootOrder
      value: 0
      objectReference: {fileID: 0}
    - target: {fileID: 420461696948577089, guid: 0bda742c4a73d864dacfc871a0cc5ba2,
        type: 3}
      propertyPath: m_LocalPosition.x
      value: -258.95
      objectReference: {fileID: 0}
    - target: {fileID: 420461696948577089, guid: 0bda742c4a73d864dacfc871a0cc5ba2,
        type: 3}
      propertyPath: m_LocalPosition.y
      value: -155.53
      objectReference: {fileID: 0}
    - target: {fileID: 420461696948577089, guid: 0bda742c4a73d864dacfc871a0cc5ba2,
        type: 3}
      propertyPath: m_LocalPosition.z
      value: -63.5
      objectReference: {fileID: 0}
    - target: {fileID: 420461696948577089, guid: 0bda742c4a73d864dacfc871a0cc5ba2,
        type: 3}
      propertyPath: m_LocalRotation.w
      value: 1
      objectReference: {fileID: 0}
    - target: {fileID: 420461696948577089, guid: 0bda742c4a73d864dacfc871a0cc5ba2,
        type: 3}
      propertyPath: m_LocalRotation.x
      value: -0
      objectReference: {fileID: 0}
    - target: {fileID: 420461696948577089, guid: 0bda742c4a73d864dacfc871a0cc5ba2,
        type: 3}
      propertyPath: m_LocalRotation.y
      value: -0
      objectReference: {fileID: 0}
    - target: {fileID: 420461696948577089, guid: 0bda742c4a73d864dacfc871a0cc5ba2,
        type: 3}
      propertyPath: m_LocalRotation.z
      value: -0
      objectReference: {fileID: 0}
    - target: {fileID: 420461696948577089, guid: 0bda742c4a73d864dacfc871a0cc5ba2,
        type: 3}
      propertyPath: m_LocalEulerAnglesHint.x
      value: 0
      objectReference: {fileID: 0}
    - target: {fileID: 420461696948577089, guid: 0bda742c4a73d864dacfc871a0cc5ba2,
        type: 3}
      propertyPath: m_LocalEulerAnglesHint.y
      value: 0
      objectReference: {fileID: 0}
    - target: {fileID: 420461696948577089, guid: 0bda742c4a73d864dacfc871a0cc5ba2,
        type: 3}
      propertyPath: m_LocalEulerAnglesHint.z
      value: 0
      objectReference: {fileID: 0}
    - target: {fileID: 420461696948577090, guid: 0bda742c4a73d864dacfc871a0cc5ba2,
        type: 3}
      propertyPath: m_Mesh
      value: 
      objectReference: {fileID: 0}
    m_RemovedComponents: []
  m_SourcePrefab: {fileID: 100100000, guid: 0bda742c4a73d864dacfc871a0cc5ba2, type: 3}
--- !u!4 &746861405985026271 stripped
Transform:
  m_CorrespondingSourceObject: {fileID: 420461696948577089, guid: 0bda742c4a73d864dacfc871a0cc5ba2,
    type: 3}
  m_PrefabInstance: {fileID: 1119326830514967454}
  m_PrefabAsset: {fileID: 0}
